@Booklet{Nikishkov2004,
  author       = {G. P. Nikishkov},
  title        = {Introduction to the finite element method},
  year         = {2004},
  howpublished = {\url{http://homepages.cae.wisc.edu/~suresh/ME964Website/M964Notes/Notes/introfem.pdf}}
}