@book{Nikishkov2004,
    author    = "G. P. Nikishkov",
    title     = "Introduction to the finite element method",
    year      = "2004"
}

@article{ProgressReport,
  author          = {Tobias Jacob and Raffaele Guillera and Ali Muddasar},
  title           = {Progress Report},
  year            = {2020}
}
